@book{
AndeMay91,
   Author = {Anderson, R. M. and May, R. M.},
   Title = {Infectious Diseases of Humans: Dynamics and Control},
   Publisher = {Oxford University Press},
   Address = {Oxford},
   Keywords = {SEIR; herd immunity; measles;  whooping cough; epidemiology},
   Year = {1991} 
}


