@article {WallLips07,
author = {Wallinga, J.  and Lipsitch, M.},
year = {2007 Feb 22},
title = {{How generation intervals shape the relationship between growth rates and reproductive numbers.}},
journal = {Proc Biol Sci},
id = {},
volume = {274},
pages = {599-604}}

@article {ChamDush15,
author = {Champredon, D.  and Dushoff, J.},
year = {2015 Dec 22},
title = {{Intrinsic and realized generation intervals in infectious-disease transmission.}},
journal = {Proc Biol Sci},
id = {rspb.2015.2026 [pii] #AND# 10.1098/rspb.2015.2026 [doi]},
volume = {282},
pages = {}}

@article {Wallvan10,
author = {Wallinga, J.  and van Boven, M.  and Lipsitch, M.},
year = {2010 Jan 12},
title = {{Optimizing infectious disease interventions during an emerging epidemic.}},
journal = {Proc Natl Acad Sci U S A},
id = {0908491107 [pii] #AND# 10.1073/pnas.0908491107 [doi]},
volume = {107},
pages = {923-8}}

@article {DiekHees90,
author = {Diekmann, O.  and Heesterbeek, J. A.  and Metz, J. A.},
year = {1990},
title = {{On the definition and the computation of the basic reproduction ratio R0 in models for infectious diseases in heterogeneous populations.}},
journal = {J Math Biol},
id = {},
volume = {28},
pages = {365-82}}

@article {Sven07,
author = {Svensson, A.},
year = {2007 Jul},
title = {{A note on generation times in epidemic models.}},
journal = {Math Biosci},
id = {S0025-5564(06)00209-4 [pii] #AND# 10.1016/j.mbs.2006.10.010 [doi]},
volume = {208},
pages = {300-11}}

